<record><leader>00000cas a2200000 a 4500</leader><controlfield tag="001">8862511</controlfield><controlfield tag="008">821015d18761983nvudn ne      0   a0eng c</controlfield><controlfield tag="009">467</controlfield><datafield ind1=" " ind2=" " tag="010"><subfield code="a">sn 82007252 </subfield></datafield><datafield ind1=" " ind2=" " tag="040"><subfield code="a">NSD</subfield><subfield code="b">eng</subfield><subfield code="c">NSD</subfield><subfield code="d">NPW</subfield><subfield code="d">NSD</subfield><subfield code="d">DLC</subfield><subfield code="d">NSD</subfield><subfield code="d">NNX</subfield><subfield code="d">NSD</subfield><subfield code="d">DLC</subfield><subfield code="d">OCLCQ</subfield><subfield code="d">OCLCF</subfield><subfield code="d">OCLCO</subfield></datafield><datafield ind1=" " ind2=" " tag="012"><subfield code="j">0</subfield><subfield code="m">d</subfield></datafield><datafield ind1="1" ind2=" " tag="022"><subfield code="a">0745-1431</subfield><subfield code="l">0745-1431</subfield><subfield code="2">1</subfield></datafield><datafield ind1="1" ind2=" " tag="029"><subfield code="a">AU@</subfield><subfield code="b">000020412144</subfield></datafield><datafield ind1=" " ind2=" " tag="037"><subfield code="a">Reno Evening Gazette, P.O. Box 22000, Reno, NV 89520</subfield></datafield><datafield ind1=" " ind2=" " tag="042"><subfield code="a">nsdp</subfield><subfield code="a">pcc</subfield></datafield><datafield ind1=" " ind2=" " tag="043"><subfield code="a">n-us-nv</subfield></datafield><datafield ind1="0" ind2="0" tag="050"><subfield code="a">Newspaper</subfield></datafield><datafield ind1=" " ind2="0" tag="222"><subfield code="a">Reno evening gazette</subfield></datafield><datafield ind1="0" ind2="0" tag="245"><subfield code="a">Reno evening gazette.</subfield></datafield><datafield ind1="3" ind2="0" tag="246"><subfield code="a">Evening gazette</subfield></datafield><datafield ind1="1" ind2="7" tag="246"><subfield code="a">Reno gazette-journal</subfield><subfield code="f">June 10, 1982-Sept. 30, 1983</subfield></datafield><datafield ind1=" " ind2=" " tag="260"><subfield code="a">[Reno, Nev. :</subfield><subfield code="b">Alexander &amp; Hayden,</subfield><subfield code="c">1876-1983.</subfield></datafield><datafield ind1=" " ind2=" " tag="300"><subfield code="a">v.</subfield></datafield><datafield ind1=" " ind2=" " tag="310"><subfield code="a">Daily (except Saturday, Sunday &amp; holidays),</subfield><subfield code="b">May 1, 1982-Sept. 30, 1983</subfield></datafield><datafield ind1=" " ind2=" " tag="321"><subfield code="a">Daily (except Sunday),</subfield><subfield code="b">Mar. 28, 1876-Apr. 30, 1982</subfield></datafield><datafield ind1="0" ind2=" " tag="362"><subfield code="a">Vol. 1, no. 1 (Mar. 28, 1876)-Sept. 30, 1983.</subfield></datafield><datafield ind1=" " ind2=" " tag="530"><subfield code="a">Available on microfilm from Bell &amp; Howell Information and Learning and Recordak.</subfield></datafield><datafield ind1=" " ind2=" " tag="580"><subfield code="a">Weekly ed.: Weekly evening gazette, Apr. 1877-&lt;Apr. 1878&gt;; Reno weekly gazette, &lt;Apr. 1879&gt;-&lt;Sept. 1885&gt;; Weekly gazette &amp; stockman, &lt;Dec. 1888&gt;-Oct. 1903.</subfield></datafield><datafield ind1=" " ind2=" " tag="580"><subfield code="a">Merged with: Nevada state journal (Reno, Nev. : 1907), to form: Reno gazette-journal.</subfield></datafield><datafield ind1=" " ind2="0" tag="651"><subfield code="a">Reno (Nev.)</subfield><subfield code="v">Newspapers.</subfield></datafield><datafield ind1=" " ind2="7" tag="655"><subfield code="a">Newspapers.</subfield><subfield code="2">fast</subfield><subfield code="0">(OCoLC)fst01423814</subfield></datafield><datafield ind1=" " ind2="7" tag="651"><subfield code="a">Nevada</subfield><subfield code="z">Reno.</subfield><subfield code="2">fast</subfield><subfield code="0">(OCoLC)fst01206439</subfield></datafield><datafield ind1=" " ind2=" " tag="752"><subfield code="a">United States</subfield><subfield code="b">Nevada</subfield><subfield code="c">Washoe</subfield><subfield code="d">Reno.</subfield></datafield><datafield ind1="1" ind2=" " tag="775"><subfield code="t">Weekly evening gazette</subfield><subfield code="w">(DLC)sn 87067052</subfield></datafield><datafield ind1="1" ind2=" " tag="775"><subfield code="t">Reno weekly gazette</subfield><subfield code="w">(DLC)sn 87067053</subfield></datafield><datafield ind1="1" ind2=" " tag="775"><subfield code="t">Weekly gazette &amp; stockman</subfield><subfield code="w">(DLC)sn 87067054</subfield></datafield><datafield ind1="1" ind2="7" tag="785"><subfield code="t">Nevada state journal (Reno, Nev. : 1907)</subfield><subfield code="w">(OCoLC)10686613</subfield></datafield><datafield ind1="1" ind2="7" tag="785"><subfield code="t">Reno gazette-journal</subfield><subfield code="x">0745-1415</subfield><subfield code="w">(OCoLC)8862461</subfield></datafield></record>